@inproceedings{Karger:1997:CHR:258533.258660,
 author = {Karger, David and Lehman, Eric and Leighton, Tom and Panigrahy, Rina and Levine, Matthew and Lewin, Daniel},
 title = {Consistent Hashing and Random Trees: Distributed Caching Protocols for Relieving Hot Spots on the World Wide Web},
 booktitle = {Proceedings of the Twenty-ninth Annual ACM Symposium on Theory of Computing},
 series = {STOC '97},
 year = {1997},
 isbn = {0-89791-888-6},
 location = {El Paso, Texas, USA},
 pages = {654--663},
 numpages = {10},
 publisher = {ACM},
 address = {New York, NY, USA},
} 

@misc{rrdtool,
	institution={Cuddletech},
	author={Rockwood, Ben},
	year={2004},
	month=apr,
	title={Getting Started with RRDtool},
	howpublished={http://cuddletech.com/articles/rrd/rrdintro.pdf}
}

@misc{smok,
	author="{DMS Serwis s.c.}",
	title={System Monitoringu Odległych Kotłowni},
	howpublished={http://www.smok-serwis.pl/},
}

@misc{gecloud,
	author={Lawson, Stephen},
	title={GE thinks it's time to put industrial data in the cloud},
	howpublished={http://www.pcworld.com/article/2042373/ge-thinks-its-time-to-put-industrial-data-in-the-cloud.html},
}

@article{Welsh:2001:SAW:502059.502057,
 author = {Welsh, Matt and Culler, David and Brewer, Eric},
 title = {SEDA: An Architecture for Well-conditioned, Scalable Internet Services},
 journal = {SIGOPS Oper. Syst. Rev.},
 issue_date = {Dec. 2001},
 volume = {35},
 number = {5},
 month = oct,
 year = {2001},
 issn = {0163-5980},
 pages = {230--243},
 numpages = {14},
 doi = {10.1145/502059.502057},
 acmid = {502057},
 publisher = {ACM},
 address = {New York, NY, USA},
} 

@techreport{opc:hda,
	title={OPC Historical Data Access Specification},
	year=2009,
	month=dec,
	author="{OPC Foundation}"
}

@misc{cassandra:benchmark,
	howpublished={http://planetcassandra.org/nosql-performance-benchmarks/},
	title={Apache Cassandra NoSQL Performance Benchmarks},
	author="{Planet Cassandra}"
}

@misc{ni:citadel,
	title={Logging Data with National Instruments Citadel},
	author="{National Instruments}",
	year=2012,
	month=jul,
	howpublished={http://www.ni.com/white-paper/6579/en/}
}

@misc{uniformance:phd,
	title={Uniformance PHD},
	author={Honeywell},
	howpublished={https://www.honeywellprocess.com/ library/marketing/notes/Uniformance-PHD-PIN.pdf}
}

@misc{proficy:historian,
	title={Proficy Historian 5.5},
	author="{GE Intelligent Platforms}",
	howpublished={http://www.ge-ip.com/download/proficy-historian-5-5/12501/2420/}
}

@book{hbase,
	author={George, Lars},
	title={HBase: The Definitive Guide},
	year={2001},
	month=apr,
	isbn={978-1-4493-9610-7},
	publisher={O'Reilly Media}
}

@inproceedings{Candea:2003,
  author={Candea, George and Fox, Armando},
  title={Crash-Only Software},
  booktitle={Proceedings of HotOS IX: The 9th Workshop on Hot Topics in Operating Systems},
  year={2003},
  pages={67--72}
  publisher={USENIX Association},
  address={Lihue, Hawaii, USA},
}

@techreport{json,
   institution={ECMA international},
   title={The JSON Data Interchange Format},
   year={2013},
   month=oct,
   number={ECMA-404},
   howpublished={http://www.ecma-international.org/publications/files/ECMA-ST/ECMA-404.pdf},
}

@misc{Russinovich:Limits,
   author={Russinovich, Mark},
   title={Pushing the Limits of Windows: Handles},
    howpublished={http://blogs.technet.com/b/markrussinovich/archive/2009/09/29\\/3283844.aspx},
}


@misc{limits.conf,
    author={Gafton, Cristian},
    title={limits.conf(5) - Linux man page},
    howpublished={http://linux.die.net/man/5/limits.conf}
}

@misc{gson,
   author={Singh, Inderjeet and Leitch, Joel and Wilson, Jesse},
   title={Google GSON},
   howpublished={https://code.google.com/p/google-gson/},
  }

@inproceedings{Shvachko:2010:HDF:1913798.1914427,
 author = {Shvachko, Konstantin and Kuang, Hairong and Radia, Sanjay and Chansler, Robert},
 title = {The Hadoop Distributed File System},
 booktitle = {Proceedings of the 2010 IEEE 26th Symposium on Mass Storage Systems and Technologies (MSST)},
 series = {MSST '10},
 year = {2010},
 isbn = {978-1-4244-7152-2},
 pages = {1--10},
 numpages = {10},
 doi = {10.1109/MSST.2010.5496972},
 acmid = {1914427},
 publisher = {IEEE Computer Society},
 address = {Washington, DC, USA},
} 

@article{Lakshman:2010:CDS:1773912.1773922,
 author = {Lakshman, Avinash and Malik, Prashant},
 title = {Cassandra: A Decentralized Structured Storage System},
 journal = {SIGOPS Oper. Syst. Rev.},
 issue_date = {April 2010},
 volume = {44},
 number = {2},
 month = apr,
 year = {2010},
 issn = {0163-5980},
 pages = {35--40},
 numpages = {6},
 doi = {10.1145/1773912.1773922},
 publisher = {ACM},
 address = {New York, NY, USA},
} 

@article{Lauer:1979:DOS:850657.850658,
 author = {Lauer, Hugh C. and Needham, Roger M.},
 title = {On the Duality of Operating System Structures},
 journal = {SIGOPS Oper. Syst. Rev.},
 issue_date = {April 1979},
 volume = {13},
 number = {2},
 month = apr,
 year = {1979},
 issn = {0163-5980},
 pages = {3--19},
 numpages = {17},
 doi = {10.1145/850657.850658},
 publisher = {ACM},
 address = {New York, NY, USA},
} 

@inproceedings{Stoica:2001:CSP:383059.383071,
 author = {Stoica, Ion and Morris, Robert and Karger, David and Kaashoek, M. Frans and Balakrishnan, Hari},
 title = {Chord: A Scalable Peer-to-peer Lookup Service for Internet Applications},
 booktitle = {Proceedings of the 2001 Conference on Applications, Technologies, Architectures, and Protocols for Computer Communications},
 series = {SIGCOMM '01},
 year = {2001},
 isbn = {1-58113-411-8},
 location = {San Diego, California, USA},
 pages = {149--160},
 numpages = {12},
 doi = {10.1145/383059.383071},
 publisher = {ACM},
 address = {New York, NY, USA},
} 

